@article{JCP2016Maug,
author = {Mauguiere,F. A. L.  and Collins,P.  and Kramer,Z. C.  and Carpenter,B. K.  and Ezra,G. S.  and Farantos,S. C.  and Wiggins,S. },
title = {Phase space barriers and dividing surfaces in the absence of critical points of the potential energy: Application to roaming in ozone},
journal = {J. Chem. Phys.},
volume = {144},
number = {5},
pages = {054107},
year = {2016},
doi = {10.1063/1.4940798},

URL = { 
        https://doi.org/10.1063/1.4940798
    
},
eprint = { 
        https://doi.org/10.1063/1.4940798
    
}

}


@article{ezra2018sampling,
  title={Sampling Phase Space Dividing Surfaces Constructed from Normally Hyperbolic Invariant Manifolds ({NHIMs})},
  author={Ezra, Gregory S and Wiggins, Stephen},
  journal={The Journal of Physical Chemistry A},
  volume={122},
  number={42},
  pages={8354--8362},
  year={2018},
  publisher={ACS Publications}
}