@article{Dirac1953888,
  title   = "The lorentz transformation and absolute time",
  journal = "Physica ",
  volume  = "19",
  number  = "1-–12",
  pages   = "888--896",
  year    = "1953",
  doi     = "10.1016/S0031-8914(53)80099-6",
  author  = "P.A.M. Dirac"
}

@article{Feynman1963118,
  title   = "The theory of a general quantum system interacting with a linear dissipative system",
  journal = "Annals of Physics ",
  volume  = "24",
  pages   = "118--173",
  year    = "1963",
  doi     = "10.1016/0003-4916(63)90068-X",
  author  = "R.P Feynman and F.L {Vernon Jr.}"
}

@article{RN5406,
   author = {Anna, J. M. and Kubarych, K. J.},
   title = {Watching solvent friction impede ultrafast barrier crossings: A direct test of Kramers theory},
   journal = {J. Chem. Phys.},
   volume = {133},
   number = {17},
   pages = {174506},
   DOI = {10.1063/1.3492724},
   url = {https://aip.scitation.org/doi/abs/10.1063/1.3492724},
   year = {2010},
   type = {Journal Article}
}

@article{RN5328,
   author = {Bao, J. L. and Truhlar, D. G.},
   title = {Variational transition state theory: theoretical framework and recent developments},
   journal = {Chem. Soc. Rev.},
   volume = {46},
   number = {24},
   pages = {7548-7596},
   ISSN = {0306-0012},
   DOI = {10.1039/C7CS00602K},
   url = {http://dx.doi.org/10.1039/C7CS00602K},
   year = {2017},
   type = {Journal Article}
}

@article{RN5395,
   author = {Bunker, D. L. and Jacobson, B. S.},
   title = {Photolytic cage effect. Monte-Carlo experiments},
   journal = {J. Am. Chem. Soc.},
   volume = {94},
   number = {6},
   pages = {1843-1848},
   ISSN = {0002-7863},
   DOI = {10.1021/ja00761a009},
   url = {https://doi.org/10.1021/ja00761a009},
   year = {1972},
   type = {Journal Article}
}

@article{RN5298,
   author = {Carpenter, B. K. and Harvey, J. N. and Glowacki, D. R.},
   title = {Prediction of enhanced solvent-induced enantioselectivity for a ring opening with a bifurcating reaction path},
   journal = {Phys. Chem. Chem. Phys.},
   volume = {17},
   number = {13},
   pages = {8372-8381},
   ISSN = {1463-9076},
   DOI = {10.1039/C4CP05078A},
   url = {http://dx.doi.org/10.1039/C4CP05078A},
   year = {2015},
   type = {Journal Article}
}

@article{RN5400,
   author = {Chang, S. L. and Wu, Ten-Ming},
   title = {A possible nonpolar solvation mechanism at an intermediate time scale: the solvent-cage expansion},
   journal = {Chem. Phys. Lett.},
   volume = {324},
   number = {5},
   pages = {381-388},
   ISSN = {0009-2614},
   DOI = {https://doi.org/10.1016/S0009-2614(00)00686-2},
   url = {http://www.sciencedirect.com/science/article/pii/S0009261400006862},
   year = {2000},
   type = {Journal Article}
}

@article{RN5396,
   author = {Clark, J. and Nelson, T. and Tretiak, S. and Cirmi, G. and Lanzani, G.},
   title = {Femtosecond torsional relaxation},
   journal = {Nat. Phys.},
   volume = {8},
   pages = {225},
   DOI = {10.1038/nphys2210
https://www.nature.com/articles/nphys2210#supplementary-information},
   url = {http://dx.doi.org/10.1038/nphys2210},
   year = {2012},
   type = {Journal Article}
}

@article{RN5340,
   author = {Cramer, C. J. and Truhlar, D. G.},
   title = {Implicit Solvation Models:  Equilibria, Structure, Spectra, and Dynamics},
   journal = {Chem. Rev.},
   volume = {99},
   number = {8},
   pages = {2161-2200},
   ISSN = {0009-2665},
   DOI = {10.1021/cr960149m},
   url = {https://doi.org/10.1021/cr960149m},
   year = {1999},
   type = {Journal Article}
}

@article{RN5343,
   author = {Cramer, C. J. and Truhlar, D. G.},
   title = {A Universal Approach to Solvation Modeling},
   journal = {Acc. Chem. Res.},
   volume = {41},
   number = {6},
   pages = {760-768},
   ISSN = {0001-4842},
   DOI = {10.1021/ar800019z},
   url = {https://doi.org/10.1021/ar800019z},
   year = {2008},
   type = {Journal Article}
}

@article{RN5409,
   author = {Deniz, A. A. and Li, B. and Peters, K. S.},
   title = {Role of Polarization Caging in the SN1 Reaction of Diphenylmethyl Chloride: A Picosecond Kinetic Study},
   journal = {J. Phys. Chem.},
   volume = {99},
   number = {32},
   pages = {12209-12213},
   ISSN = {0022-3654},
   DOI = {10.1021/j100032a024},
   url = {https://doi.org/10.1021/j100032a024},
   year = {1995},
   type = {Journal Article}
}

@article{RN5417,
   author = {Garcia-Meseguer, Rafael and Carpenter, Barry},
   title = {Re-Evaluating the Transition State for Reactions in Solution},
   journal = {Eur. J. Org. Chem.},
   volume = {2019},
   number = {2-3},
   pages = {254-266},
   DOI = {10.1002/ejoc.201800841},
   url = {https://onlinelibrary.wiley.com/doi/abs/10.1002/ejoc.201800841},
   year = {2018},
   type = {Journal Article}
}

@article{RN1669,
   author = {Grote, R. F. and Hynes, J. T.},
   title = {The Stable States Picture of Chemical Reactions. II. Rate Constants for Condensed and Gas Phase Reaction Models},
   journal = {J. Chem. Phys.},
   volume = {73},
   number = {6},
   pages = {2715-2732},
   url = {http://dx.doi.org/10.1063/1.440485},
   year = {1980},
   type = {Journal Article}
}

@article{RN5403,
   author = {Horng, M. L. and Gardecki, J. A. and Papazyan, A. and Maroncelli, M.},
   title = {Subpicosecond Measurements of Polar Solvation Dynamics: Coumarin 153 Revisited},
   journal = {J. Phys. Chem.},
   volume = {99},
   number = {48},
   pages = {17311-17337},
   ISSN = {0022-3654},
   DOI = {10.1021/j100048a004},
   url = {https://doi.org/10.1021/j100048a004},
   year = {1995},
   type = {Journal Article}
}

@book{RN5365,
   author = {Hynes, J. T.},
   title = {The theory of chemical reaction dynamics},
   editor = {Baer. B. R., M. },
   volume = {4},
   pages = {171},
   year = {1985},
   type = {Book Section},
   publisher={Fla. CRC Press}
}

@incollection{RN5334,
   author = {Hynes, J. T.},
   title = {Crossing the Transition State in Solution},
   booktitle = {Solvent Effects and Chemical Reactivity},
   editor = {Tapia, Orlando and Bertrán, Juan},
   publisher = {Springer Netherlands},
   address = {Dordrecht},
   pages = {231-258},
   ISBN = {978-0-306-46931-2},
   DOI = {10.1007/0-306-46931-6_5},
   url = {https://doi.org/10.1007/0-306-46931-6_5},
   year = {2002},
   type = {Book Section}
}

@article{RN5401,
   author = {Larrégaray, P. and Cavina, A. and Chergui, M.},
   title = {Ultrafast solvent response upon a change of the solute size in non-polar supercritical fluids},
   journal = {Chem. Phys.},
   volume = {308},
   number = {1},
   pages = {13-25},
   ISSN = {0301-0104},
   DOI = {https://doi.org/10.1016/j.chemphys.2004.07.047},
   url = {http://www.sciencedirect.com/science/article/pii/S0301010404003970},
   year = {2005},
   type = {Journal Article}
}

@article{RN5412,
   author = {Pechukas, P.},
   title = {Transition State Theory},
   journal = {Ann. Rev. Phys. Chem.},
   volume = {32},
   number = {1},
   pages = {159-177},
   DOI = {10.1146/annurev.pc.32.100181.001111},
   url = {https://www.annualreviews.org/doi/abs/10.1146/annurev.pc.32.100181.001111},
   year = {1981},
   type = {Journal Article}
}

@article{RN5330,
   author = {Pechukas, P.},
   title = {Recent Developments in Transition State Theory},
   journal = {Ber. Bunsen-Ges. Phys. Chem.},
   volume = {86},
   number = {5},
   pages = {372-378},
   DOI = {doi:10.1002/bbpc.19820860509},
   url = {https://onlinelibrary.wiley.com/doi/abs/10.1002/bbpc.19820860509},
   year = {1982},
   type = {Journal Article}
}

@article{RN5391,
   author = {Pechukas, P. and Pollak, E.},
   title = {Trapped trajectories at the boundary of reactivity bands in molecular collisions},
   journal = {J. Chem. Phys.},
   volume = {67},
   number = {12},
   pages = {5976-5977},
   DOI = {10.1063/1.434777},
   url = {https://aip.scitation.org/doi/abs/10.1063/1.434777},
   year = {1977},
   type = {Journal Article}
}

@article{RN5392,
   author = {Pechukas, P. and Pollak, E.},
   title = {Classical transition state theory is exact if the transition state is unique},
   journal = {J. Chem. Phys.},
   volume = {71},
   number = {5},
   pages = {2062-2068},
   DOI = {10.1063/1.438575},
   url = {https://aip.scitation.org/doi/abs/10.1063/1.438575},
   year = {1979},
   type = {Journal Article}
}

@article{RN5393,
   author = {Pollak, E. and Child, M. S. and Pechukas, P.},
   title = {Classical transition state theory: A lower bound to the reaction probability},
   journal = {J. Chem. Phys.},
   volume = {72},
   number = {3},
   pages = {1669-1678},
   DOI = {10.1063/1.439276},
   url = {https://aip.scitation.org/doi/abs/10.1063/1.439276},
   year = {1980},
   type = {Journal Article}
}

@article{RN5394,
   author = {Pollak, E. and Pechukas, P.},
   title = {Transition states, trapped trajectories, and classical bound states embedded in the continuum},
   journal = {J. Chem. Phys.},
   volume = {69},
   number = {3},
   pages = {1218-1226},
   DOI = {10.1063/1.436658},
   url = {https://aip.scitation.org/doi/abs/10.1063/1.436658},
   year = {1978},
   type = {Journal Article}
}

@incollection{RN5384,
   author = {Rivail, J. L. and Rinaldi, D.},
   title = {Liquid-State Quantum Chemistry: Computational Applications of the Polarizable Continuum Models},
   booktitle = {Computational Chemistry: Reviews of Current Trends},
   editor = {Leszczynski, J.},
   publisher = {World Scientific},
   address = {New York},
   pages = {139-174},
   DOI = {10.1142/9789812830364_0004},
   url = {https://www.worldscientific.com/doi/abs/10.1142/9789812830364_0004},
   year = {2011},
   type = {Book Section}
}

@article{RN5404,
   author = {Thallmair, S. and Kowalewski, M. and Zauleck, J. P. P. and Roos, M. K. and de Vivie-Riedle, R.},
   title = {Quantum Dynamics of a Photochemical Bond Cleavage Influenced by the Solvent Environment: A Dynamic Continuum Approach},
   journal = {J. Phys. Chem. Lett.},
   volume = {5},
   number = {20},
   pages = {3480-3485},
   ISSN = {1948-7185},
   DOI = {10.1021/jz501718t},
   url = {https://doi.org/10.1021/jz501718t},
   year = {2014},
   type = {Journal Article}
}

@article{RN4814,
   author = {Truhlar, D. G. and Garrett, B. C.},
   title = {Variational transition-state theory},
   journal = {Acc. Chem. Res.},
   volume = {13},
   number = {12},
   pages = {440-448},
   ISSN = {0001-4842},
   DOI = {10.1021/ar50156a002},
   url = {http://dx.doi.org/10.1021/ar50156a002},
   year = {1980},
   type = {Journal Article}
}

@article{RN5366,
   author = {van der Zwan, G. and Hynes, J. T.},
   title = {Dynamical polar solvent effects on solution reactions: A simple continuum model},
   journal = {J. Chem. Phys.},
   volume = {76},
   number = {6},
   pages = {2993-3001},
   DOI = {10.1063/1.443392},
   url = {https://aip.scitation.org/doi/abs/10.1063/1.443392},
   year = {1982},
   type = {Journal Article}
}

@article{JCP2016Maug,
author = {Mauguiere,F. A. L.  and Collins,P.  and Kramer,Z. C.  and Carpenter,B. K.  and Ezra,G. S.  and Farantos,S. C.  and Wiggins,S. },
title = {Phase space barriers and dividing surfaces in the absence of critical points of the potential energy: Application to roaming in ozone},
journal = {J. Chem. Phys.},
volume = {144},
number = {5},
pages = {054107},
year = {2016},
doi = {10.1063/1.4940798},

URL = { 
        https://doi.org/10.1063/1.4940798
    
},
eprint = { 
        https://doi.org/10.1063/1.4940798
    
}

}


@article{ezra2018sampling,
  title={Sampling Phase Space Dividing Surfaces Constructed from Normally Hyperbolic Invariant Manifolds ({NHIMs})},
  author={Ezra, Gregory S and Wiggins, Stephen},
  journal={The Journal of Physical Chemistry A},
  volume={122},
  number={42},
  pages={8354--8362},
  year={2018},
  publisher={ACS Publications}
}